@online{Prakhar,
	author = {Prakhar Ganesh},
	title = {Types of Convolution Kernels: Simplified},
	url = {https://towardsdatascience.com/types-of-convolution-kernels-simplified-f040cb307c37},
	date = {18-Oct-2019}
}

@online{GIMP,
	author = {GIMP},
	title = {Convolution Matrix},
	url = {https://docs.gimp.org/2.8/en/plug-in-convmatrix.html}
}

@online{ablog,
	author = {A blog about shaders},
	title = {Computer Graphics},
	url = {http://ablogaboutshaders.blogspot.com/2013/04/2d-gaussian-blur.html},
	date = {11-Apr-2013}
}

@online{Wikipedia,
	author = {Wikipedia},
	title = {Kernel (image processing)},
	url = {https://en.wikipedia.org/wiki/Kernel_(image_processing)}
}

@book{Zhang,
	author = {Tianxu Zhang},
	title = {Guidance Information Processing Methods in Airbone Optical Imaging Seeker},
	year = {2019},
	publisher = {Springer Nature}
}

@online{Setosa,
	author = {Victor Powell},
	title = {Image Kernels},
	url = {https://setosa.io/ev/image-kernels/}
}

@online{Ludwing,
	author = {Jamie Ludwing},
	title = {Image Convolution},
	url = {qute://pdfjs/web/viewer.html?filename=tmpyq1ds5la_Ludwig_ImageConvolution.pdf&file=&source=http://web.pdx.edu/~jduh/courses/Archive/geog481w07/Students/Ludwig_ImageConvolution.pdf}
}
